@book{bondymurty,
  title={Graph theory with applications},
  author={Bondy, John Adrian and Murty, Uppaluri Siva Ramachandra},
  volume={290},
  year={1976},
  publisher={Citeseer}
}

@article{brelaz,
  title={New methods to color the vertices of a graph},
  author={Br{\'e}laz, Daniel},
  journal={Communications of the ACM},
  volume={22},
  number={4},
  pages={251--256},
  year={1979},
  publisher={ACM}
}

@inproceedings{johnson,
  title={Worst case behavior of graph coloring algorithms},
  author={Johnson, David S},
  booktitle={Proc. 5th SE Conf. on Combinatorics, Graph Theory and Computing},
  pages={513--528},
  year={1974}
}

@article{garey,
  title={Some simplified NP-complete graph problems},
  author={Garey, Michael R and Johnson, David S. and Stockmeyer, Larry},
  journal={Theoretical computer science},
  volume={1},
  number={3},
  pages={237--267},
  year={1976},
  publisher={Elsevier}
}

@book{gareynp,
  title={Computers and intractability},
  author={Garey, Michael R and Johnson, David S},
  volume={29},
  year={2002},
  publisher={wh freeman New York}
}

@article{kordecki,
  title={Greedy online colouring with buffering},
  author={Kordecki, Wojciech and {\L}yczkowska-Han{\'c}kowiak, Anna},
  journal={arXiv preprint arXiv:1601.00252},
  year={2016}
}

@book{kubale,
  title={Graph colorings},
  author={Kubale, Marek},
  volume={352},
  year={2004},
  publisher={American Mathematical Soc.}
}

@article{lovasz,
  title={Three short proofs in graph theory},
  author={Lov{\'a}sz, L{\'a}szl{\'o}},
  journal={Journal of Combinatorial Theory, Series B},
  volume={19},
  number={3},
  pages={269--271},
  year={1975},
  publisher={Elsevier}
}

@techreport{moret,
  title={The theory of computation},
  author={Moret, Bernard ME},
  year={1998},
  institution={Addison-Wesley, Reading, Mass.}
}

@article{sharma,
  title={A new reduction from 3-SAT to graph k-colorability for frequency assignment problem},
  author={Sharma, Prakash C and Chaudhari, Narendra S},
  journal={Int. J. Comp. Applic},
  pages={23--27},
  year={2012}
}

@article{spinrad,
  title={Worst case analysis of a graph coloring algorithm},
  author={Spinrad, Jeremy P and Vijayan, Gopalakrishnan},
  journal={Discrete Applied Mathematics},
  volume={12},
  number={1},
  pages={89--92},
  year={1985},
  publisher={Elsevier}
}

@article{welsh,
  title={An upper bound for the chromatic number of a graph and its application to timetabling problems},
  author={Welsh, Dominic JA and Powell, Martin B},
  journal={The Computer Journal},
  volume={10},
  number={1},
  pages={85--86},
  year={1967},
  publisher={Br Computer Soc}
}

@article{robertson1997four,
  title={The four-colour theorem},
  author={Robertson, Neil and Sanders, Daniel and Seymour, Paul and Thomas, Robin},
  journal={journal of combinatorial theory, Series B},
  volume={70},
  number={1},
  pages={2--44},
  year={1997},
  publisher={Elsevier}
}

@article{ladner1975structure,
  title={On the structure of polynomial time reducibility},
  author={Ladner, Richard E},
  journal={Journal of the ACM (JACM)},
  volume={22},
  number={1},
  pages={155--171},
  year={1975},
  publisher={ACM}
}

@incollection{karp1972reducibility,
  title={Reducibility among combinatorial problems},
  author={Karp, Richard M},
  booktitle={Complexity of computer computations},
  pages={85--103},
  year={1972},
  publisher={Springer}
}

@book{asratian1998bipartite,
  title={Bipartite graphs and their applications},
  author={Asratian, Armen S and Denley, Tristan MJ and H{\"a}ggkvist, Roland},
  volume={131},
  year={1998},
  publisher={Cambridge University Press}
}

@article{erdds1959random,
  title={On random graphs I},
  author={ERDdS, P and R\&WI, A},
  journal={Publ. Math. Debrecen},
  volume={6},
  pages={290--297},
  year={1959}
}
